@inproceedings{shex,
 author = {Prud'hommeaux, Eric and Labra Gayo, Jose Emilio and Solbrig, Harold},
 title = {{Shape Expressions}: An {RDF} Validation and Transformation Language},
 booktitle = {Proceedings of the 10th International Conference on Semantic Systems},
 series = {SEM '14},
 year = {2014},
 isbn = {978-1-4503-2927-9},
 location = {Leipzig, Germany},
 pages = {32--40},
 numpages = {9},
 url = {http://doi.acm.org/10.1145/2660517.2660523},
 doi = {10.1145/2660517.2660523},
 acmid = {2660523},
 publisher = {ACM},
 address = {New York, NY, USA},
 keywords = {RDF, graphs, transformation, validation},
}
@ARTICLE{becker2008a,
  author = {Steffen Becker and Heiko Koziolek and Ralf Reussner},
  title = {{The Palladio Component Model for Model-driven Performance Prediction}},
  journal = {Journal of Systems and Software},
  year = {2009},
  volume = {82},
  pages = {3--22},
  doi = {10.1016/j.jss.2008.03.066},
  publisher = {Elsevier Science Inc.},
  url = {http://dx.doi.org/10.1016/j.jss.2008.03.066}
}
